@misc{goodfellow2014generative,
	title={Generative Adversarial Networks},
	author={Ian J. Goodfellow and Jean Pouget-Abadie and Mehdi Mirza and Bing Xu and David Warde-Farley and Sherjil Ozair and Aaron Courville and Yoshua Bengio},
	year={2014},
	eprint={1406.2661},
	archivePrefix={arXiv},
	primaryClass={stat.ML}
}

@inproceedings{liu2015faceattributes,
	title = {Deep Learning Face Attributes in the Wild},
	author = {Liu, Ziwei and Luo, Ping and Wang, Xiaogang and Tang, Xiaoou},
	booktitle = {Proceedings of International Conference on Computer Vision (ICCV)},
	month = {December},
	year = {2015} 
}

@misc{radford2015unsupervised,
	title={Unsupervised Representation Learning with Deep Convolutional Generative Adversarial Networks},
	author={Alec Radford and Luke Metz and Soumith Chintala},
	year={2015},
	eprint={1511.06434},
	archivePrefix={arXiv},
	primaryClass={cs.LG}
}

@misc{kingma2014method,
	added-at = {2020-01-17T03:14:27.000+0100},
	author = {Kingma, Diederik P. and Ba, Jimmy},
	biburl = {https://www.bibsonomy.org/bibtex/2d53bcfff0fe1a1d3a4a171352ee6e92c/simon_diener},
	description = {An upgrade over the standard stochastic gradient descend as it is able to apply changes to the learning rate by itself to be able to escape local maxima etc. This methods was used for the dynamic explainable recommender framework by Chen et al.},
	interhash = {57d2ac873f398f21bb94790081e80394},
	intrahash = {d53bcfff0fe1a1d3a4a171352ee6e92c},
	keywords = {final thema:neural_attentional_rating_regression},
	note = {cite arxiv:1412.6980Comment: Published as a conference paper at the 3rd International Conference  for Learning Representations, San Diego, 2015},
	timestamp = {2020-01-17T03:14:27.000+0100},
	title = {Adam: A Method for Stochastic Optimization},
	url = {http://arxiv.org/abs/1412.6980},
	year = 2014
}
@misc{tensorflow2015-whitepaper,
	title={ {TensorFlow}: Large-Scale Machine Learning on Heterogeneous Systems},
	url={https://www.tensorflow.org/},
	note={Software available from tensorflow.org},
	author={
	Mart\'{\i}n~Abadi and
	Ashish~Agarwal and
	Paul~Barham and
	Eugene~Brevdo and
	Zhifeng~Chen and
	Others},
	year={2015},
}


